<?xml version="1.0" encoding="UTF-8"?><record xmlns="http://www.loc.gov/MARC21/slim" xmlns:cinclude="http://apache.org/cocoon/include/1.0" xmlns:zs="http://www.loc.gov/zing/srw/">
  <leader>00665nz  a2200157n  4500</leader>
  <controlfield tag="001">no2008096787</controlfield>
  <controlfield tag="003">DLC</controlfield>
  <controlfield tag="005">20080703074534.0</controlfield>
  <controlfield tag="008">080630n| acannaabn          |n aaa     c</controlfield>
  <datafield tag="010" ind1=" " ind2=" ">
    <subfield code="a">no2008096787</subfield>
  </datafield>
  <datafield tag="035" ind1=" " ind2=" ">
    <subfield code="a">(OCoLC)oca07810197</subfield>
  </datafield>
  <datafield tag="040" ind1=" " ind2=" ">
    <subfield code="a">UPB</subfield>
    <subfield code="b">eng</subfield>
    <subfield code="c">UPB</subfield>
  </datafield>
  <datafield tag="100" ind1="1" ind2=" ">
    <subfield code="a">Ward, Richard,</subfield>
    <subfield code="d">1890-1980</subfield>
  </datafield>
  <datafield tag="670" ind1=" " ind2=" ">
    <subfield code="a">Oral history interview with Richard Ward, 1973 August 18:</subfield>
    <subfield code="b">t.p. (Richard Ward)</subfield>
  </datafield>
  <datafield tag="670" ind1=" " ind2=" ">
    <subfield code="a">Brigham Young University, L. Tom Perry Special Collections worksheet, June 30, 2008</subfield>
    <subfield code="b">(Richard Ward; brickyard worker at Interstate Brick)</subfield>
  </datafield>
  <datafield tag="670" ind1=" " ind2=" ">
    <subfield code="a">Ancestry.com, viewed June 30, 2008</subfield>
    <subfield code="b">(Richard Ward; b. Mar. 24, 1890 in Utah; d. Oct. 1980 in Salt Lake City, Utah)</subfield>
  </datafield>
</record>